<record><leader>00000cas a22000007a 4500</leader><controlfield tag="001">39374234</controlfield><controlfield tag="008">980630d19511965cauwr ne      0    0eng d</controlfield><datafield ind1=" " ind2=" " tag="010"><subfield code="a">sn 98061227 </subfield></datafield><datafield ind1=" " ind2=" " tag="040"><subfield code="a">CNK</subfield><subfield code="b">eng</subfield><subfield code="c">CNK</subfield><subfield code="d">OCL</subfield><subfield code="d">OCLCQ</subfield><subfield code="d">UKMGB</subfield><subfield code="d">OCLCQ</subfield><subfield code="d">OCLCF</subfield><subfield code="d">OCLCO</subfield></datafield><datafield ind1="7" ind2=" " tag="016"><subfield code="a">013914048</subfield><subfield code="2">Uk</subfield></datafield><datafield ind1="1" ind2=" " tag="029"><subfield code="a">AU@</subfield><subfield code="b">000014094642</subfield></datafield><datafield ind1=" " ind2=" " tag="042"><subfield code="a">msc</subfield></datafield><datafield ind1=" " ind2=" " tag="043"><subfield code="a">n-us-ca</subfield></datafield><datafield ind1="0" ind2=" " tag="130"><subfield code="a">Labor leader (San Diego, Calif. : 1951)</subfield></datafield><datafield ind1="1" ind2="0" tag="245"><subfield code="a">Labor leader.</subfield></datafield><datafield ind1="3" ind2=" " tag="246"><subfield code="a">San Diego labor leader</subfield></datafield><datafield ind1="3" ind2=" " tag="246"><subfield code="a">San Diego AFL-CIO labor leader</subfield></datafield><datafield ind1=" " ind2=" " tag="260"><subfield code="a">San Diego, Calif. :</subfield><subfield code="b">San Diego County Federated Trades and Labor Council</subfield></datafield><datafield ind1=" " ind2=" " tag="300"><subfield code="a">v.</subfield></datafield><datafield ind1=" " ind2=" " tag="310"><subfield code="a">Weekly</subfield></datafield><datafield ind1="0" ind2=" " tag="362"><subfield code="a">Vol. 48, no. 1 (Nov. 29, 1951)-v. 59, no. 18 (May 6, 1965).</subfield></datafield><datafield ind1=" " ind2=" " tag="500"><subfield code="a">"San Diego" or "San Diego Labor" appear in small print in different locations in masthead, Aug. 25, 1955-Mar. 26, 1959, Sept. 15, 1960, and occasionally between Nov. 25, 1960-May 6, 1965; "San Diego" and "AFL-CIO" appear in small print above "Labor" and "Leader," respectively, Apr. 2, 1959-Sept. 8, 1960 and Oct. 27, 1960.</subfield></datafield><datafield ind1=" " ind2=" " tag="500"><subfield code="a">"Owned and operated by the San Diego County Federated Trades and Labor Council," Nov. 29, 1951-Aug. 18, 1955, and Apr. 2, 1959-May 6, 1965; and " ... by the Central Labor Council of San Diego County," Aug. 25, 1955-Mar. 26, 1959.</subfield></datafield><datafield ind1=" " ind2=" " tag="515"><subfield code="a">Numbering is irregular; v. 58 and v. 59 repeat.</subfield></datafield><datafield ind1=" " ind2=" " tag="550"><subfield code="a">Official publication of: San Diego County Central Labor Council, Nov. 29, 1951-Aug. 18, 1955 and Apr. 2, 1959-May 6, 1965; and of: Central Labor Council of San Diego County, Aug. 25, 1955-Mar. 26, 1959.</subfield></datafield><datafield ind1=" " ind2="0" tag="650"><subfield code="a">Labor unions</subfield><subfield code="z">California</subfield><subfield code="z">San Diego County</subfield><subfield code="v">Newspapers.</subfield></datafield><datafield ind1=" " ind2="7" tag="655"><subfield code="a">Newspapers.</subfield><subfield code="2">fast</subfield><subfield code="0">(OCoLC)fst01423814</subfield></datafield><datafield ind1=" " ind2="7" tag="650"><subfield code="a">Labor unions.</subfield><subfield code="2">fast</subfield><subfield code="0">(OCoLC)fst00990260</subfield></datafield><datafield ind1=" " ind2="7" tag="651"><subfield code="a">California</subfield><subfield code="z">San Diego County.</subfield><subfield code="2">fast</subfield><subfield code="0">(OCoLC)fst01204290</subfield></datafield><datafield ind1="2" ind2=" " tag="710"><subfield code="a">San Diego County Central Labor Council.</subfield></datafield><datafield ind1="2" ind2=" " tag="710"><subfield code="a">Central Labor Council of San Diego County.</subfield></datafield><datafield ind1="2" ind2=" " tag="710"><subfield code="a">San Diego County Federated Trades and Labor Council.</subfield></datafield><datafield ind1=" " ind2=" " tag="752"><subfield code="a">United States</subfield><subfield code="b">California</subfield><subfield code="c">San Diego</subfield><subfield code="d">San Diego.</subfield></datafield><datafield ind1="0" ind2="0" tag="780"><subfield code="t">San Diego labor AFL leader</subfield><subfield code="w">(DLC)sn 98061226</subfield></datafield><datafield ind1="0" ind2="0" tag="785"><subfield code="t">San Diego labor leader</subfield><subfield code="w">(DLC)sn 98061228</subfield></datafield></record>